<?xml version="1.0" encoding="UTF-8"?><collection xmlns="http://www.loc.gov/MARC21/slim"><record><leader>00501nam--2200145-i-4500</leader><controlfield tag="001">000031225</controlfield><controlfield tag="002">20161230</controlfield><controlfield tag="005">20161230201038</controlfield><controlfield tag="008">060222s1000------------r-----000-0-eng-d</controlfield><datafield ind1=" " ind2=" " tag="080"><subfield code="a">669.017</subfield></datafield><datafield ind1=" " ind2=" " tag="100"><subfield code="a">Lomer, W.M., Gardner, W.E</subfield></datafield><datafield ind1=" " ind2=" " tag="245"><subfield code="a">The electronic structure of pure metals.part a: electron theory of pure metals.part b: fermi surfaces and physical properties of some real metals</subfield></datafield><datafield ind1=" " ind2=" " tag="260"><subfield code="a">Oxford, Pergamon Press, 1969. /97-171/P</subfield></datafield><datafield ind1=" " ind2=" " tag="490"><subfield code="a">Progress In Materials Science</subfield></datafield><datafield ind1=" " ind2=" " tag="852"><subfield code="a">10017</subfield></datafield></record></collection>